
@book{Mueller07_InformationRetrieval_SPRINGER,
	author    = {Meinard M\"{u}ller},
	title     = {Information Retrieval for Music and Motion},
	type      = {Monograph},
	year      = {2007},
	isbn      = {3540740473},
	publisher = {Springer Verlag},
}

@book{fundamentals,
	  title={Fundamentals of Music Processing: Audio, Analysis, Algorithms, Applications},
		  author={M{\"u}ller, Meinard},
			  year={2015},
				  publisher={Springer}
}
